<record><leader>00000cas a22000007a 4500</leader><controlfield tag="001">21417829</controlfield><controlfield tag="008">900423d18451846mouwr ne      0    0eng d</controlfield><datafield ind1=" " ind2=" " tag="010"><subfield code="a">sn 90061596 </subfield></datafield><datafield ind1=" " ind2=" " tag="040"><subfield code="a">MQN</subfield><subfield code="b">eng</subfield><subfield code="c">MQN</subfield><subfield code="d">OCL</subfield><subfield code="d">OCLCQ</subfield><subfield code="d">OCLCF</subfield><subfield code="d">OCLCO</subfield></datafield><datafield ind1=" " ind2=" " tag="042"><subfield code="a">msc</subfield></datafield><datafield ind1=" " ind2=" " tag="043"><subfield code="a">n-us-mo</subfield></datafield><datafield ind1="0" ind2=" " tag="130"><subfield code="a">Missouri herald (Jefferson City, Mo.)</subfield></datafield><datafield ind1="1" ind2="0" tag="245"><subfield code="a">Missouri herald.</subfield></datafield><datafield ind1=" " ind2=" " tag="260"><subfield code="a">City of Jefferson, Mo. :</subfield><subfield code="b">W.R. Vanover</subfield></datafield><datafield ind1=" " ind2=" " tag="300"><subfield code="a">v.</subfield></datafield><datafield ind1=" " ind2=" " tag="310"><subfield code="a">Weekly</subfield></datafield><datafield ind1="1" ind2=" " tag="362"><subfield code="a">Ceased in 1846.</subfield></datafield><datafield ind1=" " ind2=" " tag="500"><subfield code="a">Published by: J.R. Simmons &lt;Feb. 3, 1846&gt;-</subfield></datafield><datafield ind1=" " ind2=" " tag="588"><subfield code="a">Description based on: Vol. 1, no. 2 (May 10, 1845).</subfield></datafield><datafield ind1=" " ind2="0" tag="651"><subfield code="a">Jefferson City (Mo.)</subfield><subfield code="v">Newspapers.</subfield></datafield><datafield ind1=" " ind2="7" tag="655"><subfield code="a">Newspapers.</subfield><subfield code="2">fast</subfield><subfield code="0">(OCoLC)fst01423814</subfield></datafield><datafield ind1=" " ind2="7" tag="651"><subfield code="a">Missouri</subfield><subfield code="z">Jefferson City.</subfield><subfield code="2">fast</subfield><subfield code="0">(OCoLC)fst01205442</subfield></datafield><datafield ind1=" " ind2=" " tag="752"><subfield code="a">United States</subfield><subfield code="b">Missouri</subfield><subfield code="c">Cole</subfield><subfield code="d">Jefferson City.</subfield></datafield><datafield ind1="0" ind2="0" tag="785"><subfield code="t">Metropolitan (Jefferson City, Mo.)</subfield><subfield code="w">(DLC)sn 84020004</subfield></datafield></record>